\article{Islam2003}{
    \author={M. M. Islam, R. J. Luddy and A. V. Prokudin}
    \title={pp elastic scattering at LHC and nucleon structure}
    \journal={Mod. Phys. Lett. A}
    \volume={18}
    \Number={11}
    \year={2003}
    \pages={743--752}
    }

\article{Islam1987}{
    \author={M. M. Islam, V. Innocente, T. Fearnley and G.Sanguietti}
    \title={High energy $pp$ and $\bar p p$ Elastic Scattering and Nucleon Structure}
    \journal={Europhys. Lett.}
    \volume={4}
    \year={1987}
    \pages={189--196}
    }
    
\article{Islam2004}{
     \author    = {M.M. Islam, R. J. Luddy and A. V. Prokudin}
     \title     = {pp elastic scattering at LHC in near forward direction}
     \journal   = {Phys. Lett.}
     \volume    = {B605}
     \year      = {2005}
     \pages     = {115--122}
}    

\article{Formanek pole}{
	\author={J. Formánek}
	\title={Úvod do relativistické kvantové mechaniky a kvantové teorie pole}
	\journal={Karolinum}
	\year={2000}
	\ISBN={80-246-0063-3}
	}

\article{Horejsi}{
     \author    = {J. Hoøej¹í}
     \title     = {Fundamentals of electroweak theory}
%     \note		= {Prague, Czech Republic: Karolinum Pr. (2002) 351 p}
	 \journal	= {Karolinum}
	 \year		= {2002}
	 \ISBN		= {80-246-0639-9}
}

\article{Barone}{
	\author={V. Barone, E. Predazzi}
	\title={High-Energy Particle Diffraction}
	\journal={Springer}
	\year={2002}
	\ISBN={3-540-42107-6}
	}
	
	
\article{AK1965}{
	\author={T. Adachi, T. Kotani}
	\title={An impact parameter formalism}
	\journal={Progr. Theor. Phys. Suppl.}
	\volume={Commemoration issue}
	\pages={316--331}
	\year={1965}
	}

\article{AK1966}{
	\author={T. Adachi, T. Kotani}
	\title={Unitarity Relation in an Impact Parameter Representation}
	\journal={Progr. Theor. Phys. Suppl.}
	\volume={37, 38}
	\pages={297--305}
	\year={1966}
	}
	
	
\article{Kundrat1994}{
     \author    = {V. Kundrát and M. Lokajíèek}
     \title     = {High-energy scattering amplitude of unpolarized and charged hadrons}
     \journal   = {Z. Phys.}
     \volume    = {C63}
     \year      = {1994}
     \pages     = {619--630}
}

\article{Cahn}{
     \author    = {R. Cahn}
     \title     = {COULOMBIC - HADRONIC INTERFERENCE IN AN EIKONAL MODEL}
     \journal   = {Z. Phys.}
     \volume    = {C15}
     \year      = {1982}
     \pages     = {253}
}

\article{TDR}{
     \title     = {TOTEM-Technical Design Report-001, CERN-LHC-2004-002}
}

\article{Deile}{
     \title     = {Dr. Mario Deile and other people from TOTEM team, private communication}
}

\article{mathworld}{
	\author = 	{Eric W. Weisstein}
	\title = 	{Bessel Function of the First Kind}
	\journal =	{From MathWorld--A Wolfram Web Resource http://mathworld.wolfram.com/BesselFunctionoftheFirstKind.html}
}

\article{Kundrat2002}{
     \author    = {V. Kundrát, M. Lokajíèek and D. Krupa}
     \title     = {Impact parameter structure derived from elastic collisions}
     \journal   = {Phys. Lett.}
     \volume    = {B544}
     \year      = {2002}
     \pages     = {132--138}
}

\article{Kundrat1980}{
     \author    = {V. Kundrát and M. Lokajíèek Jr. and M. Lokajíèek}
     \title     = {ARE ELASTIC HADRON COLLISIONS CENTRAL OR PERIPHERAL?}
     \journal   = {Czech. J. Phys.}
     \volume    = {B31}
     \year      = {1981}
     \pages     = {1334}
}

\article{Buttimore1978}{
     \author    = {N. H. Buttimore, E. Gotsman and E. Leader}
     \title     = {Spin--dependent phenomena induced by electromagnetic--hadronic interference at high-energies}
     \journal   = {Phys. Rev.}
     \volume    = {D18}
     \year      = {1978}
     \pages     = {694-716}
}

\article{West1968}{
     \author    = {G. B. West and D.R. Yennie}
     \title     = {Coulomb interference in high-energy scattering}
     \journal   = {Phys. Rev.}
     \volume    = {172}
     \year      = {1968}
     \pages     = {1413-1422}
}

\article{Rix1966}{
	\author		= {J. Rix, R. M. Thaler}
	\title		= {Separation of Strong and Electromagnetic Effects in Charged-Particle Scattering}
	\journal	= {Phys. Rev.}
	\volume		= {152}
	\year		= {1966}
	\pages		= {1357--1363}
}

\article{Block1996}{
     \author    = {M. M. Block}
     \title     = {Measuring the phase of the nuclear scattering amplitude}
     \journal   = {Prepared for 3rd AUP Workshop on QCD: Collisions Confinement, and Chaos, Paris, France, 3-8 Jun 1996}
}

\article{Islam lectures}{
	\author		= {M. M. Islam}
	\title		= {High energy physics and fundamental particles}
	\journal	= {Gordon and Breach, science publishers, \rm volume XB}
%	\volume		= {X B}
	\year		= {1967}
}

\article{Islam1992}{
     \author    = {M. M. Islam}
     \title     = {NONLINEAR sigma MODEL AND NUCLEON STRUCTURE}
     \journal   = {Z. Phys.}
     \volume    = {C53}
     \year      = {1992}
     \pages     = {253--262}
}

\article{Islam1993}{
     \author    = {M. M. Islam}
     \title     = {Composite structure of the nucleon}
     \journal   = {Found. Phys.}
     \volume    = {24}
     \year      = {1994}
     \pages     = {419--425}
}

\article{Martin}{
     \author    = {A. Martin}
     \title     = {A theorem on the real part of the high-energy scattering amplitude near the forward direction}
     \journal   = {Phys. Lett.}
     \volume    = {B404}
     \year      = {1997}
     \pages     = {137--140}
}

\article{Peskin}{
     \author    = {M. E. Peskin and D. V. Schroeder}
     \title     = {An Introduction to quantum field theory}
%     \note      = {Reading, USA: Addison-Wesley (1995) 842 p}
	\year		= {1995}
	\journal	= {Addison--Wesley}
	\ISBN		= {0-201-50397-2}
}

\article{Islam1967}{
		\author    = {M. M. Islam}
		\title     = {IMPACT PARAMETER REPRESENTATION FROM SOMMERFELD-WATSON TRANSFORM}
		\journal   = {Nucl. Phys.}
		\volume    = {B104}
		\year      = {1976}
		\pages     = {511}
}

\article{Locher}{
		\author		= {M. P. Locher}
		\journal	= {Nucl. Phys.}
		\volume		= {B2}
		\year		= {1967}
		\pages		= {525}
}

\article{data pp53}{
		\author		= {Landolt--B\"ornstein Series}
		\title		= {Vol. 1}
		\journal	= {Springer}
		\year		= {1980}
}

\article{data app541 1}{
		\author		= {M. Bozzo et al.}
		\journal	= {Phys. Lett.}
		\volume		= {B147}
		\year		= {1984}
		\pages		= {385}
}

\article{data app541 2}{
		\author		= {C. Augier et al.}
		\journal	= {Phys. Lett.}
		\volume		= {B316}
		\year		= {1993}
		\pages		= {498}
}

\article{data app630}{
		\author		= {D. Bernard et al.}
		\journal	= {Phys. Lett.}
		\volume		= {B171}
		\year		= {1986}
		\pages		= {142}
}
