\article{Islam2003}{author="M. M. Islam\bc R. J. Luddy\bc A. V. Prokudin",title="pp elastic scattering at LHC and nucleon structure",journal="Mod. Phys. Lett. ",volume="A18",Number="11",year="2003",pages="743--752"}	

\article{Islam1987}{author="M. M. Islam\bc V. Innocente\bc T. Fearnley\bc G. Sanguietti",title="High energy $pp$ and $\bar p p$ Elastic Scattering and Nucleon Structure",journal="Europhys. Lett.",volume="4",year="1987",pages="189--196"}
    
\article{Islam2004}{author="Islam\bc M. M. and Luddy\bc R. J. and Prokudin\bc A. V.",title="pp elastic scattering at LHC in near forward direction",journal="Phys. Lett.",volume="B605",year="2005",pages="115--122"}    

\article{Formanek pole}{author="Jiøí Formánek",title="Úvod do relativistické kvantové mechaniky a kvantové teorie pole",journal="Karolinum",year="2000",ISBN="80-246-0063-3"}

\article{Barone}{author="V. Barone\bc E. Predazzi",title="High-Energy Particle Diffraction",journal="Springer",year="2002",ISBN="3-540-42107-6"}
	
	
\article{AK1965}{author="T. Adachi\bc T. Kotani",title="An impact parameter formalism",journal="Progr. Theor. Phys. Suppl.",volume="Commemoration issue",pages="316--331",year="1965"}

\article{AK1966}{author="T. Adachi\bc T. Kotani",title="Unitarity Relation in an Impact Parameter Representation",journal="Supplement of the Progress of Theoretical Physics",volume="37\bc 38",pages="297--305",year="1966"}	
	
\article{Kundrat1994}{author="V. Kundrát and M. Lokajíèek",title="High-energy scattering amplitude of unpolarized and charged hadrons",journal="Z. Phys.",volume="C63",year="1994",pages="619--630"}

\article{Cahn}{author="R. Cahn",title="COULOMBIC - HADRONIC INTERFERENCE IN AN EIKONAL MODEL",journal="Zeit. Phys.",volume="C15",year="1982",pages="253"}

\article{TDR}{title="TOTEM-Technical Design Report-001\bc CERN-LHC-2004-002"}

\article{Deile}{title="Private talk to my supervisor Mario Deile and other people from TOTEM team."}

\article{mathworld}{title="http://mathworld.wolfram.com/"}

\article{Kundrat2002}{author="Kundrat\bc V. and Lokajicek\bc M. and Krupa\bc D.",title="Impact parameter structure derived from elastic collisions",journal="Phys. Lett.",volume="B544",year="2002",pages="132-138"}

\article{Kundrat1980}{author="Kundrat\bc V. and Lokajicek\bc M. \c Jr. and Lokajicek\bc M. V.",title="ARE ELASTIC HADRON COLLISIONS CENTRAL OR PERIPHERAL?",journal="Czech. J. Phys.",volume="B31",year="1981",pages="1334"}

\article{Buttimore1978}{author="Buttimore\bc N. H. and Gotsman\bc E. and Leader\bc E.",title="Spin--dependent phenomena induced by electromagnetic--hadronic interference at high-energies",journal="Phys. Rev.",volume="D18",year="1978",pages="694-716"}

\article{West1968}{author="G. B. West and D. R. Yennie",title="Coulomb interference in high-energy scattering",journal="Phys. Rev.",volume="172",year="1968",pages="1413-1422"}

\article{Rix1966}{author="J. Rix\bc R. M. Thaler",title="Separation of Strong and Electromagnetic Effects in Charged-Particle Scattering",journal="Phys. Rev.",volume="152",year="1966",pages="1357--1363"}

\article{Block:1996}{author="Block\bc M. M.",title="Measuring the phase of the nuclear scattering amplitude",journal="Prepared for 3rd AUP Workshop on QCD: Collisions Confinement\bc and Chaos\bc Paris\bc France\bc 3-8 Jun 1996"}

\article{Islam lectures}{author="M. M. Islam",title="Lectures"}

\article{Buttimore}{author="A. T. Bates\bc N. H. Buttimore",journal="Phys. Rev.",volume="D65",year="2002"}

\article{Kundrat1996}{author="V. Kundrát and M. Lokajíèek",journal="Mod. Phys. Lett.",volume="A11",year="1996",pages="2241--2250"}


