@Article{Gallinaro:2006vz,
     author    = "Gallinaro, Michele",
	collaboration = "CDF",
     title     = "Diffractive and exclusive measurements at CDF",
     year      = "2006",
     eprint    = "hep-ex/0606024",
     SLACcitation  = "%%CITATION = HEP-EX/0606024;%%"
	link		= "http://arxiv.org/pdf/hep-ex/0606024"
}

@Article{Goulianos:2005,
	author			= "Goulianos, Konstantin",
	collaboration	= "CDF",
	title			= "Alignment of the CDF roman pot spectrometer",
	conference		= "HERA - LHC workshop",
	journal			= "HERA - LHC workshop",
	year			= "2005"
	link			= "http://indico.cern.ch/materialDisplay.py?contribId=s7t4\&sessionId=8\&\hfil\break materialId=0\&confId=a045699"
}

@Article{Islam:2007nr,
     author    = "Islam, M. M. and Kaspar, J. and Luddy, R. J.",
     title     = "pp Elastic Scattering at LHC in a Nucleon-Structure Model",
     year      = "2007",
	 journal	= "12th Blois conference, Hamburg"
     eprint    = "arXiv:0708.1156 [hep-ph]",
     SLACcitation  = "%%CITATION = ARXIV:0708.1156;%%"
}

@Article{Islam2004,
		author="Islam, M. M. and Luddy, R. J. and Prokudin, A. V.",
		title="pp elastic scattering at LHC in near forward direction",
		journal="Phys. Lett.",
		volume="B605",
		year="2005",
		pages="115--122"
}    

@Url{wikipedia,
	title="Wikipedia",
	url = "http://en.wikipedia.org/"
}

@Book{becvar,
	author="Be\v cv\'a\v r, F.",
	title="Lecture notes",
	year="2001"
}

@Book{barlow,
	author    = "Barlow, R. J.",
	title     = "Statistics: a guide to the use of statistical methods in the physical sciences.",
	publisher = "Wiley",
	year	  = "1989"
}
