\article{syk}{author="T. Sýkora",title="seriál èlánkù Mikrosvìt",journal="Vìda\c technika a my",volume="6 -- 9",year="2001"}

\article{hor}{author="J. Hoøej¹í",title="Historie standardního modelu mikrosvìta"}

\article{isl03}{author="M. M. Islam\c R. J. Luddy and A. V. Prokudin",title="pp elastic scattering at LHC and nucleon structure",journal="Mod. Phys. Lett. A",volume="18",Number="11",year="2003",pages="743--752"}

\article{isl87}{author="M. M. Islam\c V. Innocente\c T. Fearnley and G.Sanguietti",title="High energy $pp$ and $\bar p p$ Elastic Scattering and Nucleon Structure",journal="Europhys. Lett.",volume="4",year="1987",pages="189--196"}

\article{tdr}{title="TOTEM-Technical Design Report-001\c CERN-LHC-2004-002"}
