@Book{barlow,
	author    = "Barlow, R. J.",
	title     = "Statistics: a guide to the use of statistical methods in the physical sciences.",
	publisher = "Wiley",
	year	  = "1989"
}

@Techreport{smearing,
	author			= "Ka\v spar, J.",
	institution		= "TOTEM",
	title			= "Description and simulation of beam smearing effects",
	type			= "TOTEM-NOTE"
	number			= "2007-005"
	year			= "2007"
}
