\article{extrapolation}{author="Jan Ka\v spar\bc TOTEM collaboration",title="Extrapolation to $t=0\un{GeV^2}$",year="2006",journal=""}
