#--------------------------------------------- CERN -------------------------------------------------

@Url{cern,
	title = "European Organization for Nuclear Research"
	url	= "http://cern.ch/public"
	year = "2011"
}

@Url{lhc,
      author       = "LEFEVRE, C.",
      title        = "LHC: the guide",
	url = "http://cdsweb.cern.ch/record/989631/files/brochure-2006-003-eng.pdf",
	year = "2006"
}

#--------------------------------------------- TOTEM ------------------------------------------------

@Book{totem04,
	author="BERARDI, V. et al.",
	collaboration="TOTEM",
	title="Total cross-section, elastic scattering and diffraction dissociation at the Large Hadron Collider at CERN : TOTEM Technical Design Report",
	note="CERN-LHCC-2004-002",
	year="2004",
	publisher="CERN",
	address="Geneva",
	edition="1st",
	ISBN="9290832193"
}

@Techreport{avati05,
	author			= "AVATI, V. and OESTERBERG, K.",
	title			= "Optical function parametrization for beta*=1540 m optics",
	type			= "TOTEM-NOTE"
	number			= "2005-001"
	year			= "2005"
	url				= "http://cdsweb.cern.ch/record/1103719/files/CERN-TOTEM-NOTE-2005-001.pdf"
}

@Techreport{totem-rp-naming,
    collaboration  = "TOTEM",
	author			= "RUGGIERO, G.",
	title			= "Product breakdown structure and naming scheme of the Roman Pot System",
	type			= "EDMS document",
	number			= "906715",
	year			= "2008",
	url				= "https://edms.cern.ch/document/906715/0.6"
}

@Techreport{totem-lvdt,
	author			= "RAVAT, S. and PONS, X.",
	title			= "Roman Pot Position Calibration Procedure",
	type			= "EDMS document",
	number			= "994972",
	year			= "2009",
	url				= "https://edms.cern.ch/document/994972/0.1"
}

@Article{totem10,
      collaboration  = "TOTEM",
      author         = "ANTCHEV G. et al.",
      title          = "The TOTEM detector at LHC",
      journal        = "Nucl. Instrum. Meth.",
      volume         = "A617",
      pages          = "62-66",
      doi            = "10.1016/j.nima.2009.08.083",
      year           = "2010",
}

@Article{totem08,
      collaboration  = "TOTEM",
      author         = "ANELLI G. et al.",
      title          = "The TOTEM experiment at the CERN Large Hadron Collider",
      journal        = "JINST",
      volume         = "3",
      pages          = "S08007",
      doi            = "10.1088/1748-0221/3/08/S08007",
      year           = "2008",
}

@Article{totem11,
      collaboration  = "TOTEM",
	author = "ANTCHEV, G. et al.",
	journal = "EPL",
	year = "2011",
	volume = "95",
	number = "4",
	pages = "41001",
	title = "Proton-proton elastic scattering at the LHC energy of $\sqrt s = 7\, TeV$",
	DOI= "10.1209/0295-5075/95/41001",
	url= "http://dx.doi.org/10.1209/0295-5075/95/41001",
}

@Article{totem11-2,
      author       = "ANTCHEV, G.",
      title        = "First measurements of the total proton-proton cross section
                      at the LHC energy of âˆšs =7TeV. oai:cds.cern.ch:1383030",
      month        = "Sep",
      year         = "2011",
}

@Thesis{hubert,
      author         = "NIEWIADOMSKI, H.",
      title          = "Reconstruction of protons in the TOTEM roman pot
                        detectors at the LHC",
      year           = "2008",
	  type			 = "Doctoral thesis"
	  school		 = "Faculty of Engineering and Physical Sciences, University of Manchester"
	  address		 = "Manchester"
}

@Proceedings{vfat,
      author       = "ASPELL P. et al.",
      title        = "The VFAT Production Test Platform for the TOTEM Experiment",
      year         = "2008",
	  url		   = "http://cdsweb.cern.ch/record/1159891/files/p544.pdf"
	  pages		   = "544 -- 548"
	  conference	= "Topical Workshop on Electronics for Particle Physics"
	  address		= "Naxos, Greece"
}

@Article{hubert-si,
	collaboration = "TOTEM",
	author = "NIEWIADOMSKI, H."
	title = "Reconstruction Performance of Silicon Detectors with Reduced Edge
				Insensitive Volume Manufactured in CTS and 3D-Planar Technologies",
	journal = "to be published"
}


#------------------------------------------- ELASTIC MODELS -----------------------------------------

@Article{islam67,
      author         = "ISLAM, M. M.",
      title          = "Impact parameter description of high energy scattering",
	  journal		= "Lectures In Theoretical Physics Vol. Xb"
      year           = "1967",
	  address		= "New York"
}

@Article{islam75,
      author         = "ISLAM, M. M.",
      title          = "Impact Parameter Representation from Sommerfeld-Watson
                        Transform",
      journal        = "Nucl.Phys.",
      volume         = "B104",
      pages          = "511",
      doi            = "10.1016/0550-3213(76)90115-2",
      year           = "1976"
}

@Article{islam87,
		author="ISLAM, M. M., INNOCENTE V., FEARNLEY T. and SANGUIETTI, G.",
		title="High energy $pp$ and $\bar p p$ Elastic Scattering and Nucleon Structure",
		journal="Europhys. Lett.",
		volume="4",
		year="1987",
		pages="189--196"
}

@Article{islam03,
		author="ISLAM, M. M., LUDDY, R. J. and PROKUDIN, A. V.",
		title="pp elastic scattering at LHC and nucleon structure",
		journal="Mod. Phys. Lett.",
		volume="A18",
		number="11",
		year="2003",
		pages="743--752"
}	
    

@Article{islam04,
		author="ISLAM, M. M., LUDDY, R. J. and PROKUDIN, A. V.",
		title="pp elastic scattering at LHC in near forward direction",
		journal="Phys. Lett.",
		volume="B605",
		year="2005",
		pages="115--122"
}    

% the review
@Article{islam06,
	 author="ISLAM, M. M., LUDDY, R. J. and PROKUDIN, A. V.",
     title     = "Near forward $p p$ elastic scattering at LHC and nucleon
                  structure",
     journal   = "Int. J. Mod. Phys.",
     volume    = "A21",
     year      = "2006",
     pages     = "1-42",
     doi       = "10.1142/S0217751X06033271",
}

% 12th Blois conference, Hamburg
@Article{islam07,
	 author		="ISLAM, M. M., KA\v SPAR, J. and LUDDY, R. J.",
     title     = "pp Elastic Scattering at LHC in a Nucleon-Structure Model",
     year      = "2007",
     eprint    = "0708.1156",
      archivePrefix  = "arXiv",
}

@Article{islam09,
	  author		= "ISLAM, M. M., KA\v SPAR, J. and LUDDY, R. J.",
      title          = "Deep-elastic p p scattering at LHC from low-x gluons",
      journal        = "Mod. Phys. Lett.",
      volume         = "A24",
      pages          = "485-496",
      doi            = "10.1142/S0217732309030266",
      year           = "2009",
}

@Article{wu70,
     author    = "CHENG H. and WU, T. T.",
     title     = "Limit of Cross-Sections at Infinite Energy",
     journal   = "Phys. Rev. Lett.",
     volume    = "24",
     year      = "1970",
     pages     = "1456-1460",
     doi       = "10.1103/PhysRevLett.24.1456",
}

@Article{bsw79,
     author    = "BOURRELY C., SOFFER, J. and WU, T. T.",
     title     = "A New Impact Picture for Low and High-Energy Proton Proton
                  Elastic Scattering",
     journal   = "Phys. Rev.",
     volume    = "D19",
     year      = "1979",
     pages     = "3249",
     doi       = "10.1103/PhysRevD.19.3249",
}

@Article{bsw84,
     author    = "BOURRELY C., SOFFER, J. and WU, T. T.",
     title     = "Impact Picture Expectations for Very High-Energy Elastic
                  $p p$ and $p \bar p$ Scattering",
     journal   = "Nucl. Phys.",
     volume    = "B247",
     year      = "1984",
     pages     = "15",
     doi       = "10.1016/0550-3213(84)90369-9",
}

@Article{bsw03,
     author    = "BOURRELY C., SOFFER, J. and WU, T. T.",
     title     = "Impact picture phenomenology for $\pi^+$-$p$, $K^+$-$p$ and
                  $p p$, $\bar p p$ elastic scattering at high-energies",
     journal   = "Eur. Phys. J.",
     volume    = "C28",
     year      = "2003",
     pages     = "97-105",
     doi       = "10.1140/epjc/s2003-01159-7",
}

@Article{bsw10,
     author    = "BOURRELY C., SOFFER, J. and WU, T. T.",
      title          = "Determination of the forward slope in $pp$ and $\bar  pp$ elastic scattering up to LHC energy",
      journal        = "Eur.Phys.J.",
      volume         = "C71",
      pages          = "1601",
      doi            = "10.1140/epjc/s10052-011-1601-x",
      year           = "2011",
}


@Article{bh99,
     author    = "BLOCK, M. M., GREGORES, E. M., HALZEN, F. and PANCHERI, G.",
     title     = "Photon - proton and photon-photon scattering from nucleon-
                  nucleon forward amplitudes",
     journal   = "Phys. Rev.",
     volume    = "D60",
     year      = "1999",
     pages     = "054024",
     doi       = "10.1103/PhysRevD.60.054024",
}

@Article{bh11,
      author    	 = "BLOCK, M. M. and HALZEN, F.",
      title          = "Forward hadronic scattering at 7 TeV: Predictions for
                        the LHC: An Update",
      journal        = "Phys. Rev.",
      volume         = "D83",
      pages          = "077901",
      doi            = "10.1103/PhysRevD.83.077901",
      year           = "2011",
}

@Article{ppp02,
      author         = "PETROV, V. A. and PROKUDIN, A. V.",
      title          = "The First three pomerons...",
      journal        = "Eur. Phys. J.",
      volume         = "C23",
      pages          = "135-143",
      doi            = "10.1007/s100520100838",
      year           = "2002",
}

@Article{jenkovszky11,
      author         = "JENKOVSZKY, L., LENGYEL, A. and LONTKOVSKYI, D.",
      title          = "The Pomeron and Odderon in elastic, inelastic and total
                        cross sections at the LHC",
      year           = "2011",
      eprint         = "1105.1202",
      archivePrefix  = "arXiv",
}

@Article{ryskin11,
      author         = "RYSKIN, M. G., MARTIN, A. D. and KHOZE, V. A.",
      title          = "High-energy strong interactions: from `hard' to `soft'",
      journal        = "Eur.Phys.J.",
      volume         = "C71",
      pages          = "1617",
      doi            = "10.1140/epjc/s10052-011-1617-2",
      year           = "2011",
}

#------------------------------------------ FORM FACTORS --------------------------------------------

@Article{hofstadter58,
  title = "Electromagnetic Structure of the Proton and Neutron",
  author = "HOFSTADTER, R., BUMILLER, F. and YEARIAN, M. R.",
  journal = "Rev. Mod. Phys.",
  volume = "30",
  number = "2",
  pages = "482--497",
  numpages = "15",
  year = "1958",
  month = "Apr",
  doi = "10.1103/RevModPhys.30.482",
  publisher = "American Physical Society"
}

@Article{sachs62,
  title = "High-Energy Behavior of Nucleon Electromagnetic Form Factors",
  author = "SACHS, R. G.",
  journal = "Phys. Rev.",
  volume = "126",
  number = "6",
  pages = "2256--2260",
  year = "1962",
  doi = "10.1103/PhysRev.126.2256",
  publisher = "American Physical Society"
}

@Article{borkowski74,
	author = "BORKOWSKI F., PEUSER, P., SIMON, G. G., WALTHER et al.",
	title = "Electromagnetic form factors of the proton at low four-momentum transfer",
	journal = "Nuclear Physics A",
	volume = "222",
	number = "2",
	pages = "269 - 275",
	year = "1974",
	doi = "DOI: 10.1016/0375-9474(74)90392-3",
}

@Article{borkowski75,
	author = "BORKOWSKI F., PEUSER, P., SIMON, G. G., WALTHER et al.",
      title          = "Electromagnetic Form-Factors of the Proton at Low
                        Four-Momentum Transfer",
      journal        = "Nucl. Phys.",
      volume         = "B93",
      pages          = "461",
      doi            = "10.1016/0550-3213(75)90514-3",
      year           = "1975",
}

@Article{gayou02,
      collaboration  = "Jefferson Lab Hall A",
      author         = "GAYOU, O. et al.",
      title          = "Measurement of G(Ep) / G(Mp) in polarized-$ep \longrightarrow$ $e$ polarized-$e$ to $Q^2 = 5.6\,GeV^2$",
      journal        = "Phys. Rev. Lett.",
      volume         = "88",
      pages          = "092301",
      doi            = "10.1103/PhysRevLett.88.092301",
      year           = "2002",
}

@Article{guichon03,
      author         = "GUICHON, P. A. M. and VANDERHAEGHEN, M.",
      title          = "How to reconcile the Rosenbluth and the polarization
                        transfer method in the measurement of the proton
                        form-factors",
      journal        = "Phys. Rev. Lett.",
      volume         = "91",
      pages          = "142303",
      doi            = "10.1103/PhysRevLett.91.142303",
      year           = "2003",
}

@Article{kelly04,
  title = "Simple parametrization of nucleon form factors",
  author = "KELLY, J. J.",
  journal = "Phys. Rev.",
  volume = "C70",
  number = "6",
  pages = "068202",
  numpages = "3",
  year = "2004",
  doi = "10.1103/PhysRevC.70.068202",
}

@Article{mele06,
      author         = "MELE, S.",
      title          = "Measurements of the running of the electromagnetic coupling at LEP",
      year           = "2006",
      eprint         = "hep-ex/0610037",
      archivePrefix  = "arXiv",
}

@Article{arrington07,
      author         = "ARRINGTON, J., MELNITCHOUK, W. and TJON, J. A.",
      title          = "Global analysis of proton elastic form factor data with
                        two-photon exchange corrections",
      journal        = "Phys. Rev.",
      volume         = "C76",
      pages          = "035205",
      doi            = "10.1103/PhysRevC.76.035205",
      year           = "2007",
}

@Article{puckett10,
      collaboration  = "GEp-III",
      author         = "PUCKETT, A. J. R. ",
      title          = "Final Results of the GEp-III Experiment and the Status
                        of the Proton Form Factors",
      year           = "2010",
      eprint         = "nucl-ex/1008.0855",
      archivePrefix  = "arXiv",
}

#------------------------------------------ ELASTIC THEORY ------------------------------------------

@Article{bethe58,
     author    = "BETHE, H. A.",
     title     = "Scattering and polarization of protons by nuclei",
     journal   = "Annals Phys.",
     volume    = "3",
     year      = "1958",
     pages     = "190-240",
     doi       = "10.1016/0003-4916(58)90017-4",
}

@Article{jacob59,
	author = "JACOB, M. and WICK, G. C"
	title = "On the general theory of collisions for particles with spin",
	journal = "Annals of Physics",
	volume = "7",
	number = "4",
	pages = "404 - 428",
	year = "1959",
	doi = "10.1016/0003-4916(59)90051-X",
}

@Article{froissart61,
      author         = "FROISSART, M.",
      title          = "Asymptotic behavior and subtractions in the Mandelstam
                        representation",
      journal        = "Phys. Rev.",
      volume         = "123",
      pages          = "1053-1057",
      doi            = "10.1103/PhysRev.123.1053",
      year           = "1961",
}

@Article{yennie61,
      author         = "YENNIE, D. R., FRAUTSCHI, S. C. and SUURA, H.",
      title          = "The infrared divergence phenomena and high-energy
                        processes",
      journal        = "Annals Phys.",
      volume         = "13",
      pages          = "379-452",
      doi            = "10.1016/0003-4916(61)90151-8",
      year           = "1961",
}

@Article{yennie63,
  title = "Radiative Corrections to High-Energy Scattering Processes",
  author = "MEISTER, N. and YENNIE, D. R.",
  journal = "Phys. Rev.",
  volume = "130",
  number = "3",
  pages = "1210--1229",
  numpages = "19",
  year = "1963",
  doi = "10.1103/PhysRev.130.1210",
  publisher = "American Physical Society"
}

@Article{rix66,
  title = "Separation of Strong and Electromagnetic Effects in Charged-Particle Scattering",
  author = "RIX, J. and THALER, R. M.",
  journal = "Phys. Rev.",
  volume = "152",
  number = "4",
  pages = "1357--1363",
  numpages = "6",
  year = "1966",
  doi = "10.1103/PhysRev.152.1357",
  publisher = "American Physical Society"
}

@Article{locher67,
	author = "LOCHER, M. P."
	title = "Relativistic treatment of structure in the Coulomb interference problem",
	journal = "Nuclear Physics B",
	volume = "2",
	number = "5",
	pages = "525 - 531",
	year = "1967",
	doi = "DOI: 10.1016/0550-3213(67)90188-5",
}


@Article{islam67,
      author         = "ISLAM, M. M.",
      title          = "Bethe's Formula for Coulomb-Nuclear Interference",
      journal        = "Phys. Rev.",
      volume         = "162",
      pages          = "1426-1428",
      doi            = "10.1103/PhysRev.162.1426",
      year           = "1967",
}

@Article{wy68,
     author    = "WEST, G. B. and YENNIE, D. R.",
     title     = "Coulomb interference in high-energy scattering",
     journal   = "Phys. Rev.",
     volume    = "172",
     year      = "1968",
     pages     = "1413-1422",
     doi       = "10.1103/PhysRev.172.1413",
}

@Article{franco73,
      author         = "FRANCO, V.",
      title          = "Coulomb-nuclear interference",
      journal        = "Phys. Rev.",
      volume         = "D7",
      pages          = "215-217",
      doi            = "10.1103/PhysRevD.7.215",
      year           = "1973",
}

@Article{islam76,
	author = "M. M. Islam"
	title = "Impact parameter representation from the Watson-Sommerfeld transform",
	journal = "Nuclear Physics B",
	volume = "104",
	number = "3",
	pages = "511 - 532",
	year = "1976",
	doi = "10.1016/0550-3213(76)90115-2",
}

@Article{bystricky78,
	author = "BYSTRICKY, J., LEHAR, F. and WINTERNITZ, P.",
	title = "Formalism of nucleon-nucleon elastic scattering experiments",
	journal = "J. Phys. France",
	year = "1978",
	volume = "39",
	number = "1",
	pages = "1-32",
	DOI= "10.1051/jphys:019780039010100",
}

@Article{buttimore78,
      author         = "BUTTIMORE, N. H., GOTSMAN, E. and LEADER, E.",
      title          = "Spin dependent phenomena induced by electromagnetic hadronic interference at high-energies",
      journal        = "Phys. Rev.",
      volume         = "D18",
      pages          = "694-716",
      doi            = "10.1103/PhysRevD.18.694",
      year           = "1978"
}

@Article{kroll78,
  author="KROLL, P. LEADER, E. and VON SCHLIPPE, W.",
  title="Structure of the I=1 nucleon-nucleon amplitudes at 6 GeV/c",
  journal="Journal of Physics G: Nuclear Physics",
  volume="4",
  number="7",
  pages="1003",
  year="1978"
}


@Article{kroll79,
  author="KROLL, P. LEADER, E. and VON SCHLIPPE, W.",
  title="Interpretation of the spin structure in nucleon-nucleon scattering",
  journal="Journal of Physics G: Nuclear Physics",
  volume="5",
  number="9",
  pages="1179",
  year="1979"
}

@Article{kll81,
      author         = "KUNDR\' AT, V., LOKAJ\' I\v CEK Jr., M. and LOKAJ\' I\v CEK, M.",
      title          = "Are elastic hadron collisions central or peripheral?",
      journal        = "Czech. J. Phys.",
      volume         = "B31",
      pages          = "1334",
      doi            = "10.1007/BF01595377",
      year           = "1981",
}

@Article{cahn82,
		author="CAHN, R.",
		title="Coulombic - hadronic interference in an eikonal model",
		journal="Zeit. Phys.",
		volume="C15",
		year="1982",
		pages="253"
}

@Article{martin85,
	author = "MARTIN, A.",
	title = "Elastic scattering and spin physics",
	DOI= "10.1051/jphyscol:1985294",
	url= "http://dx.doi.org/10.1051/jphyscol:1985294",
	journal = "J. Phys. Colloques",
	year = "1985",
	volume = "46",
	number = "C2",
	pages = "727-728",
}

@Article{klk87,
      author         = "KUNDR\' AT, V., LOKAJ\' I\v CEK, M. and KRUPA, D.",
      title          = "Momentum transfer dependence of the elastic amplitude phase in high-energy hadron scattering",
      journal        = "Phys. Rev.",
      volume         = "D35",
      pages          = "1719-1722",
      doi            = "10.1103/PhysRevD.35.1719",
      year           = "1987",
}

@Article{klk88,
      author         = "KUNDR\' AT, V., LOKAJ\' I\v CEK, M. and KRUPA, D.",
      title          = "Role of the phase and impact parameter picture of anti-pp elastic scattering at collider energies",
      year           = "1988",
}

@Article{kl89,
      author         = "KUNDR\' AT, V. and LOKAJ\' I\v CEK, M.",
      title          = "Critical comments on the standard description of elastic hadron scattering",
      journal        = "Phys. Lett.",
      volume         = "B232",
      pages          = "263-265",
      doi            = "10.1016/0370-2693(89)91698-5",
      year           = "1989",
}

@Article{klk89,
      author         = "KUNDR\' AT, V., LOKAJ\' I\v CEK, M. and KRUPA, D.",
      title          = "Physical meaning of the phase of high-energy elastic
                        scattering amplitude",
      journal        = "Czech. J. Phys.",
      volume         = "B39",
      pages          = "1245-1255",
      doi            = "10.1007/BF01605324",
      year           = "1989",
}

@Article{jakob92,
      author         = "JAKOB, R. and KROLL, P.",
      title          = "Coulomb hadronic interference with polarized protons at
                        intermediate-energies",
      journal        = "Z. Phys.",
      volume         = "A344",
      pages          = "87-94",
      doi            = "10.1007/BF01291025",
      year           = "1992",
}

@Article{klk92,
      author         = "KUNDR\' AT, V., LOKAJ\' I\v CEK, M. and KRUPA, D.",
      title          = "High-energy elastic hadron scattering in Coulomb and
                        hadronic regions",
      journal        = "Phys. Rev.",
      volume         = "D46",
      pages          = "4087-4090",
      doi            = "10.1103/PhysRevD.46.4087",
      year           = "1992",
}

@Article{kl94,
      author         = "KUNDR\' AT, V. and LOKAJ\' I\v CEK, M.",
     title     = "High-energy scattering amplitude of unpolarized and
                  charged hadrons",
     journal   = "Z. Phys.",
     volume    = "C63",
     year      = "1994",
     pages     = "619-630",
     doi       = "10.1007/BF01557628",
}

@Article{kl96,
      author         = "KUNDR\' AT, V. and LOKAJ\' I\v CEK, M.",
      title          = "Description of high-energy elastic hadron scattering in
                        both the Coulomb and hadronic domains",
      journal        = "Mod. Phys. Lett.",
      volume         = "A11",
      pages          = "2241-2250",
      doi            = "10.1142/S021773239600223X",
      year           = "1996",
}

@Article{block96,
  title = "Are we really measuring the phase of the nuclear scattering amplitude?",
  author = "BLOCK, M. M.",
  journal = "Phys. Rev. D",
  volume = "54",
  number = "7",
  pages = "4337--4343",
  numpages = "6",
  year = "1996",
  month = "Oct",
  doi = "10.1103/PhysRevD.54.4337",
  publisher = "American Physical Society"
}

@Article{martin97,
      author         = "MARTIN, A.",
      title          = "A Theorem on the real part of the high-energy scattering
                        amplitude near the forward direction",
      journal        = "Phys. Lett.",
      volume         = "B404",
      pages          = "137-140",
      doi            = "10.1016/S0370-2693(97)00510-8",
      year           = "1997",
}

@Article{selyugin99,
      author         = "SELYUGIN, O. V.",
      title          = "Coulomb hadron phase factor and spin phenomena in a wide
                        region of transfer momenta",
      journal        = "Phys. Rev.",
      volume         = "D60",
      pages          = "074028",
      doi            = "10.1103/PhysRevD.60.074028",
      year           = "1999",
}

@Article{kopeliovich01,
     author    = "KOPELIOVICH, B. Z. and TARASOV, A. V.",
     title     = "The Coulomb phase revisited",
     journal   = "Phys. Lett.",
     volume    = "B497",
     year      = "2001",
     pages     = "44-48",
     doi       = "10.1016/S0370-2693(00)01316-2",
}

@Article{klk02,
      author         = "KUNDR\' AT, V., LOKAJ\' I\v CEK, M. and KRUPA, D.",
      title          = "Impact parameter structure derived from elastic
                        collisions",
      journal        = "Phys. Lett.",
      volume         = "B544",
      pages          = "132-138",
      doi            = "10.1016/S0370-2693(02)02481-4",
      year           = "2002",
}

@Article{ppp03,
     author    = "PETROV, V. A., PREDAZZI, E. and PROKUDIN, A.",
     title     = "Coulomb interference in high-energy p p and anti-p p
                  scattering",
     journal   = "Eur. Phys. J.",
     volume    = "C28",
     year      = "2003",
     pages     = "525-533",
     doi       = "10.1140/epjc/s2003-01191-7",
}

@Article{kl03,
      author         = "KUNDR\' AT, V. and LOKAJ\' I\v CEK, M.",
      title          = "What can high-energy elastic scattering tell us about
                        nucleon structure?",
      journal        = "Czech. J. Phys.",
      volume         = "53",
      pages          = "645-655",
      doi            = "10.1023/A:1025307328791",
      year           = "2003",
}

@Article{ppp05,
     author    = "PETROV, V. A., PREDAZZI, E. and PROKUDIN, A.",
	title = "Coulomb-nuclear interference in high-energy pp and  scattering",
	journal = "Nuclear Physics B - Proceedings Supplements",
	volume = "146",
	number = "",
	pages = "182 - 184",
	year = "2005",
	note = "Diffraction 2004",
	doi = "DOI: 10.1016/j.nuclphysbps.2005.02.089",
}

@Article{kl05,
      author         = "KUNDR\' AT, V. and LOKAJ\' I\v CEK, M.",
      title          = "Interference between Coulomb and hadronic scattering in
                        elastic high-energy nucleon collisions",
      journal        = "Phys. Lett.",
      volume         = "B611",
      pages          = "102-110",
      doi            = "10.1016/j.physletb.2005.02.025",
      year           = "2005",
}

@Article{kl05-2,
      author         = "KUNDR\' AT, V. and LOKAJ\' I\v CEK, M.",
      title          = "Coulomb and hadronic scattering in elastic high-energy
                        nucleon collisions",
      year           = "2005",
      eprint         = "hep-ph/0510040",
      archivePrefix  = "arXiv",
}

@Article{bourrely05,
      author         = "BOURRELY, C. et al."
      title          = "Why the real part of the proton-proton forward
                        scattering amplitude should be measured at the LHC",
      pages          = "125-128",
      year           = "2005",
      eprint         = "hep-ph/0511135",
      archivePrefix  = "arXiv",
}

@Article{block06,
     author    = "BLOCK, M. M.",
     title     = "Hadronic forward scattering: Predictions for the Large
                  Hadron Collider and cosmic rays",
     journal   = "Phys. Rept.",
     volume    = "436",
     year      = "2006",
     pages     = "71-215",
     doi       = "10.1016/j.physrep.2006.06.003",
}

@Article{kl07,
      author         = "KUNDR\' AT, V., KA\v SPAR, J. and LOKAJ\' I\v CEK, M.",
      title          = "To the theory of high-energy nucleon collisions",
      pages          = "273-278",
      year           = "2007",
}

@Article{klv07,
      author         = "KUNDR\' AT, V., LOKAJ\' I\v CEK, M. and VRKO\v C, I.",
      title          = "Limited validity of West and Yennie integral formula for
                        elastic scattering of hadrons",
      journal        = "Phys. Lett.",
      volume         = "B656",
      pages          = "182-185",
      doi            = "10.1016/j.physletb.2007.09.030",
      year           = "2007",
}

@Article{kl09,
      author         = "KUNDR\' AT, V., KA\v SPAR, J. and LOKAJ\' I\v CEK, M.",
      title          = "Theoretical aspects of high energy elastic nucleon
                        scattering",
      year           = "2009",
      eprint         = "0912.1188",
      archivePrefix  = "arXiv",
}

@Article{kl09-models,
      author         = "KA\v SPAR, J., KUNDR\' AT, V. and LOKAJ\' I\v CEK, M.",
      title          = "Contemporary models of elastic nucleon scattering and their predictions for LHC",
      year           = "2009",
      eprint         = "0912.0112",
      archivePrefix  = "arXiv",
}

@Article{kl09-structure,
      author         = "LOKAJ\' I\v CEK, M. and KUNDR\' AT, V.",
      title          = "Elastic pp scattering and the internal structure of
                        colliding protons",
      year           = "2009",
      eprint         = "0909.3199",
      archivePrefix  = "arXiv",
}

@Article{kklp11,
      author         = "KA\v SPAR, J., KUNDR\' AT, V., LOKAJ\' I\v CEK, M. and PROCH\' AZKA, J.",
      title          = "Phenomenological models of elastic nucleon scattering
                        and predictions for LHC",
      journal        = "Nucl. Phys.",
      volume         = "B843",
      pages          = "84-106",
      doi            = "10.1016/j.nuclphysb.2010.09.020",
      year           = "2011",
}

#----------------------------------------------------------------------------------------------------
# Adachi et al. - eikonal representation

@Article{adachi65,
  title = "An Impact Parameter Formalism",
  author = "ADACHI, T. and KOTANI, T.",
  journal = "Progress of Theoretical Physics Supplement",
  volume = "E65",
  number = "",
  pages = "316-331",
  numpages = "15",
  year = "1965",
  doi = "10.1143/PTPS.E65.316",
  publisher = "Progress of Theoretical Physics"
}

@Article{adachi66,
  title = "An Impact Parameter Formalism. II",
  author = "ADACHI, T.",
  journal = "Progress of Theoretical Physics",
  volume = "35",
  number = "3",
  pages = "463-484",
  numpages = "21",
  year = "1966",
  doi = "10.1143/PTP.35.463",
  publisher = "Progress of Theoretical Physics"
}

@Article{adachi66-2,
  author = "ADACHI, T. and KOTANI, T.",
  title = "An Impact Parameter Formalism. III",
  journal = "Progress of Theoretical Physics",
  volume = "35",
  number = "3",
  pages = "485-507",
  numpages = "22",
  year = "1966",
  doi = "10.1143/PTP.35.485",
  publisher = "Progress of Theoretical Physics"
}

@Article{adachi66-3,
  author = "ADACHI, T. and KOTANI, T.",
  title = "Analytic Property of Impact Parameter Amplitude",
  journal = "Progress of Theoretical Physics",
  volume = "35",
  number = "3",
  pages = "576-578",
  numpages = "2",
  year = "1966",
  doi = "10.1143/PTP.35.576",
  publisher = "Progress of Theoretical Physics"
}

@Article{adachi66-4,
  author = "ADACHI, T., KOTANI, T. and TAKEDA, M.",
  title = "Impact Parameter Formalism. IV",
  journal = "Progress of Theoretical Physics",
  volume = "36",
  number = "4",
  pages = "745-760",
  numpages = "15",
  year = "1966",
  doi = "10.1143/PTP.36.745",
  publisher = "Progress of Theoretical Physics"
}

@Article{adachi66-5,
  author = "ADACHI, T. and KOTANI, T.",
  title = "Unitarity Relation in an Impact Parameter Representation",
  journal = "Progress of Theoretical Physics Supplement",
  volume = "37",
  number = "",
  pages = "297-305",
  numpages = "8",
  year = "1966",
  doi = "10.1143/PTPS.37.297",
  publisher = "Progress of Theoretical Physics"
}

@Article{adachi70,
     author    = "ADACHI, T.",
     title     = "The impact parameter amplitude with a direct-channel regge
                  pole",
     journal   = "Prog. Theor. Phys.",
     volume    = "44",
     year      = "1970",
     pages     = "1425-1427",
     doi       = "10.1143/PTP.44.1425",
}

@Article{adachi70-2,
     author    = "ADACHI, T.",
     title     = "Complex angular momentum and impact parameter amplitude",
     journal   = "Prog. Theor. Phys.",
     volume    = "44",
     year      = "1970",
     pages     = "562-564",
     doi       = "10.1143/PTP.44.562",
}

@Article{adachi88,
     author    = "ADACHI, T., SAKAGUCHI, G. and SASABE, S.",
     title     = "Note on a new form of impact parameter representation",
     journal   = "Prog. Theor. Phys.",
     volume    = "80",
     year      = "1988",
     pages     = "752-756",
     doi       = "10.1143/PTP.80.752",
}

#----------------------------------------------------------------------------------------------------
# Adachi et al. - eikonal approximation reviewed

@Article{adachi68,
  author = "ADACHI, T. and KOTANI, T.",
  title = "An Impact Parameter Representation of the Scattering Problem",
  journal = "Progress of Theoretical Physics",
  volume = "39",
  number = "2",
  pages = "430-452",
  numpages = "22",
  year = "1968",
  doi = "10.1143/PTP.39.430",
  publisher = "Progress of Theoretical Physics"
}

@Article{adachi68-2,
  author = "ADACHI, T. and KOTANI, T.",
  title = "An Impact Parameter Representation of the Scattering Problem",
  journal = "Progress of Theoretical Physics",
  volume = "39",
  number = "3",
  pages = "785-816",
  numpages = "31",
  year = "1968",
  doi = "10.1143/PTP.39.785",
  publisher = "Progress of Theoretical Physics"
}

#----------------------------------------------------------------------------------------------------
# Adachi et al. - other papers

@Article{adachi72,
  author = "ADACHI, T.",
  title = "The Eikonal Approximation in the Functional Integration Method",
  journal = "Progress of Theoretical Physics",
  volume = "47",
  number = "4",
  pages = "1432-1434",
  numpages = "2",
  year = "1972",
  doi = "10.1143/PTP.47.1432",
  publisher = "Progress of Theoretical Physics"
}

@Article{adachi74,
  author = "ADACHI, T.",
  title = "Comment on Methods for Systematic Determination of Correction to the Glauber Amplitude",
  journal = "Progress of Theoretical Physics",
  volume = "52",
  number = "6",
  pages = "1865-1872",
  numpages = "7",
  year = "1974",
  doi = "10.1143/PTP.52.1865",
  publisher = "Progress of Theoretical Physics"
}

@Article{adachi75,
  author = "ADACHI, T.",
  title = "Relations among L\'evy-Sucher, Schiff and Glauber Approximations in Potential Scattering",
  journal = "Progress of Theoretical Physics",
  volume = "53",
  number = "2",
  pages = "583-585",
  numpages = "2",
  year = "1975",
  url = "http://ptp.ipap.jp/link?PTP/53/583/",
  doi = "10.1143/PTP.53.583",
  publisher = "Progress of Theoretical Physics"
}

@Article{adachi76,
     author    = "ADACHI, T. and INAGAKI, T.",
     title     = "On the Uniqueness of the Eikonal Phase in Potential
                  Scattering",
     journal   = "Prog. Theor. Phys.",
     volume    = "55",
     year      = "1976",
     pages     = "951-954",
     doi       = "10.1143/PTP.55.951",
}

@Article{adachi78,
     author    = "ADACHI, T., INAGAKI, T. and SAKAGUCHI, G.",
     title     = "Relation Between Eikonal Multiple Scattering Expansion and
                  Born Series",
     journal   = "Prog. Theor. Phys.",
     volume    = "60",
     year      = "1978",
     pages     = "1602-1603",
     doi       = "10.1143/PTP.60.1602",
}

@Article{adachi78-2,
     author    = "ADACHI, T. and INAGAKI, T.",
     title     = "Eikonal type approximations for potential scattering",
     journal   = "Prog. Theor. Phys.",
     volume    = "59",
     year      = "1978",
     pages     = "1956-1973",
     doi       = "10.1143/PTP.59.1956",
}

@Article{adachi78-3,
     author    = "ADACHI, T. and INAGAKI, T.",
     title     = "Eikonal Type Expansions",
     journal   = "Prog. Theor. Phys.",
     volume    = "59",
     year      = "1978",
     pages     = "320-322",
     doi       = "10.1143/PTP.59.320",
}

#--------------------------------------------- MC GENERATORS ----------------------------------------

@Article{phojet,
      author         = "BOPP, F. W., ENGEL, R. and RANFT, J.",
      title          = "Rapidity gaps and the PHOJET Monte Carlo",
      pages          = "729-741",
      year           = "1998",
      eprint         = "hep-ph/9803437",
      archivePrefix  = "arXiv",
}

@Article{pythia6,
      author         = "SJOSTRAND, T., MRENNA S. and SKANDS, P. Z.",
      title          = "PYTHIA 6.4 Physics and Manual",
      journal        = "JHEP",
      volume         = "0605",
      pages          = "026",
      doi            = "10.1088/1126-6708/2006/05/026",
      year           = "2006",
}

@Article{pythia8,
      author         = "SJOSTRAND, T., MRENNA S. and SKANDS, P. Z.",
      title          = "A Brief Introduction to PYTHIA 8.1",
      journal        = "Comput. Phys. Commun.",
      volume         = "178",
      pages          = "852-867",
      doi            = "10.1016/j.cpc.2008.01.036",
      year           = "2008",
}

@Article{geant4,
	author = "AGOSTINELLI, S. et al.",
	title = "G4--a simulation toolkit",
	journal = "Nuclear Instruments and Methods in Physics Research Section A",
	volume = "506",
	number = "3",
	pages = "250 -- 303",
	year = "2003",
	doi = "10.1016/S0168-9002(03)01368-8",
}

#--------------------------------------------- OPTICS -----------------------------------------------

@Book{wilson,
      author         = "WILSON, E. J. N.",
      title          = "An introduction to particle accelerators",
	  publisher		 = "Oxford University Press",
      year           = "2001"
	  address		= "Oxford"
	  edition		= "1st"
	  ISBN			= "0-19-850829-8"
}

@Url{dolezal,
    author  = "DOLE\v ZAL, Z.",
	title = "Vybran\' e kapitoly z urychlova\v cov\' e fyziky [Selected chapters from accelerator physics]",
	url = "http://www-ucjf.troja.mff.cuni.cz/$^\sim$dolezal/teach/accel/"
	year = "2001"
}

@Book{wiedemann,
      author         = "WIEDEMANN, H.",
      title          = "Particle accelerator physics: Basic principles and
                        linear beam dynamics",
      year           = "1993",
}

#------------------------------------------- ALIGNMENT ----------------------------------------------

@Article{Gallinaro:2006vz,
     author    = "GALLINARO, M.",
	collaboration = "CDF",
     title     = "Diffractive and exclusive measurements at CDF",
     year      = "2006",
     eprint    = "hep-ex/0606024",
      archivePrefix  = "arXiv",
}

@Article{Goulianos:2005,
	author			= "GOULIANOS, K.",
	collaboration	= "CDF",
	title			= "Alignment of the CDF roman pot spectrometer",
	conference		= "HERA - LHC workshop",
	journal			= "HERA - LHC workshop",
	year			= "2005",
	url			= "http://indico.cern.ch/materialDisplay.py?contribId=s7t4\&sessionId=8\&\hfil\break materialId=0\&confId=a045699"
}

@Techreport{al collim,
	author			= "DEILE, M. et al.",
	collaboration	= "TOTEM",
	title			= "Position Settings and Limits for Insertions of the TOTEM Roman Pots in Stable Beams after the 21 September 2010",
	type			= "EDMS document"
	number			= "1133082"
	year			= "2011"
	url				= "https://edms.cern.ch/document/1133082/1"
}

#------------------------------------------- STATISTICS ---------------------------------------------

@Techreport{becvar,
	author="BE\v CV\' A\v R, F.",
	title="Metody zpracov\' an\' i fyzik\' aln\' ich m\v e\v ren\' i [Methods of physics-measurements processing]",
	type="Lecture notes"
	year="2001"
}

@Book{barlow,
	author    = "BARLOW, R. J.",
	title     = "Statistics: a guide to the use of statistical methods in the physical sciences.",
	publisher = "Wiley",
	address	  = "Chichester"
	edition	  = "1st"
	ISBN	  = "0-471-92295-1"
	year	  = "1989"
}

#------------------------------------------- MY NOTES -----------------------------------------------

@Techreport{smearing,
	author			= "KA\v SPAR, J.",
	institution		= "TOTEM",
	title			= "Description and simulation of beam smearing effects",
	type			= "TOTEM-NOTE"
	number			= "2007-005"
	year			= "2007"
	url				= "http://cdsweb.cern.ch/record/1110762/files/CERN-TOTEM-NOTE-2007-005.pdf"
}

@Techreport{el reco,
	author			= "KA\v SPAR, J.",
	institution		= "TOTEM",
    title			= "Reconstruction of elastic events",
	type			= "TOTEM-NOTE"
	number			= "2007-007"
	year			= "2007"
	url				= "http://cdsweb.cern.ch/record/1111157/files/CERN-TOTEM-NOTE-2007-007.pdf"
}


@Url{elegent,
	author			= "KA\v SPAR, J.",
	title="Elegent TWiki page",
	url = "https://twiki.cern.ch/twiki/bin/view/TOTEM/CompElegent"
	year = "2009"
}

#-------------------------------------------- OTHER -------------------------------------------------

@Url{wikipedia,
	title="Wikipedia",
	url = "http://en.wikipedia.org/"
}

@Techreport{alfa,
	  collaboriation = "ATLAS-ALFA",
      author       = "JENNI, P. et al.",
      title        = "ATLAS Forward Detectors for Measurement of Elastic
                      Scattering and Luminosity",
      publisher    = "CERN",
      address      = "Geneva",
      year         = "2008",
	  type		   = "ATLAS-TDR"
	  number	   = "018"
	  note		   = "CERN-LHCC-2008-004"
}

@Thesis{master,
      author       = "KA\v SPAR, J.",
      title        = "High energy diffraction processes - TOTEM experiment.",
      school       = "Charles University in Prague, Faculty of Mathematics and Physics",
      address      = "Prague",
      year         = "2005",
	  type		   = "Master thesis"
	  note 		   = "CERN-THESIS-2010-062"
}

@Url{tamara,
	title="TamarA package",
	url="http://library.wolfram.com/infocenter/MathSource/839/"
}

@Book{mathematica,
	author="Wolfram Research, Inc.",
   	title="Mathematica Edition: Version 7.0",
	publisher="Wolfram Research, Inc.",
	address="Champaign, Illinois"
	year="2008"
}

@Url{chyla,
	author="CH\' YLA, J.",
	title="Course on Quarks, Partons and Quantum Chromodynamics",
	url="http://www-hep2.fzu.cz/$^\sim$chyla/lectures/text.pdf"
	year="2003"
}

@Book{peskin,
  author = "PESKIN, M. E. and SCHROEDER, D. V.",
  publisher = "Westview Press",
  title = "An Introduction To Quantum Field Theory (Frontiers in Physics)",
  year = "1995",
  ISBN = "0-201-50397-2"
  address="Reading, Massachusetts"
  edition="1st"
}

@Book{barone,
  author = "BARONE, V. and PREAZZI, E.",
  publisher = "Springer",
  title = "High-Energy Particle Diffraction",
  year = "2002",
  address="Berlin"
  edition="1st"
  ISBN = "3-540-42107-6"
}

@Book{formanek QM,
	author = "FORM\' ANEK, J.",
	title = "\' Uvod do kvantov\' e teorie [An introduction to quantum theory]",
	publisher = "Academia",
	year = "2004",
	ISBN= "80-200-1176-5"
	edition="2nd"
	address="Praha"
}

@Book{formanek QFT,
	author = "FORM\' ANEK, J.",
	title = "\' Uvod do relativistick\' e kvantov\' e mechaniky a kvantov\' e teorie pole [An introduction to relativistic quantum mechanics and quantum field theory]",
	publisher = "Karolinum",
	address="Praha"
	year = "2000",
	ISBN= "80-246-0063-3"
	edition="2nd"
}

@Book{anton,
      author       = "ANTON, H.",
      title        = "Elementary linear algebra",
	  edition	   = "9th"
      publisher    = "Wiley",
      address      = "New York, NY",
      year         = "2005",
	  ISBN="0-471-66960-1"
}

@Book{barnett,
      author       = "BARNETT, S.",
      title        = "Matrices: methods and applications",
      publisher    = "Clarendon Press",
      address      = "Oxford",
      series       = "Oxford applied mathematics and computing science series",
      year         = "1990",
	  ISBN="0-19-859680-4"
		edition		= "1st"
}

@Book{bock,
      author       = "BOCK, R. K., GROTE, H., NOTZ, D. and REGLER, M.",
      title        = "Data-analysis techniques for high-energy physics
                      experiments",
	  edition	   = "2nd"
      publisher    = "Cambridge University Press",
      address      = "Cambridge",
      year         = "1990"
		ISBN	   = "0-521-63548-9"
}

@Book{lemieux,
      author       = "LEMIEUX, C.",
      title        = "Monte Carlo and Quasi-Monte Carlo Sampling",
      publisher    = "Springer",
      address      = "Dordrecht",
      series       = "Springer Series in Statistics",
      year         = "2009",
	  ISBN			= "9780387781655"
		edition		= "1st"
}

@Proceedings{bracco10,
      author       = "BRACCO, C. et al.",
      title        = "Collimators and Beam Cleaning: First Results and Future Plans",
	  conference		= "the LHC beam commissioning workshop"
		address		= "Evian, France"
      year         = "2010",
	  url			= "https://espace.cern.ch/acc-tec-sector/Evian/Papers/4\_02\_CB.pdf"
}


@Url{mad-x,
	title = "The MAD-X home page",
	url = "http://wwwslap.cern.ch/mad/"
	year = "2002"
}

@Book{riley10,
      author       = "RILEY, K. F. and HOBSON, M. P.",
      title        = "Essential Mathematical Methods for the Physical Sciences;
                      electronic version",
      publisher    = "Cambridge University Press",
      address      = "Leiden",
      year         = "2010",
	  edition		= "1st"
		ISBN		= "978-0-521-76114-7"
}

@Article{hepmc,
      author         = "DOBBS, M. and HANSEN, J. B.",
      title          = "The HepMC C++ Monte Carlo event record for High Energy
                        Physics",
      journal        = "Comput. Phys. Commun.",
      volume         = "134",
      pages          = "41-46",
      doi            = "10.1016/S0010-4655(00)00189-2",
      year           = "2001",
}


@Url{millepede,
	author = "BLOBEL, V."
	title = "Millepede II: The Manual ",
	url = "http://www.desy.de/$^\sim$blobel/Mptwo.pdf"
	year = "2007"
}

@Url{root matrix,
	title = "Linear Algebra in ROOT",
	url = "ftp://root.cern.ch/root/doc/14LinearAlgebra\=.pdf"
	year = "2008"
}

@Article{cudell02,
      author         = "CUDELL, J.R. et al.",
      title          = "Benchmarks for the forward observables at RHIC, the
                        Tevatron Run II and the LHC",
      collaboration  = "COMPETE",
      journal        = "Phys.Rev.Lett.",
      volume         = "89",
      pages          = "201801",
      doi            = "10.1103/PhysRevLett.89.201801",
      year           = "2002",
}

@Book{donnachie02,
      author         = "DONNACHIE, S., DOSCH, G., LANDSHOFF, P. and NACHTMANN, O.",
      title          = "Pomeron physics and QCD",
      year           = "2002",
      publisher    = "Cambridge University Press",
      address      = "Cambridge",
	  edition		= "1st"
		ISBN		= "0-521-78039-X"
}

@Book{pilkuhn67,
      author       = "PILKUHN, H.",
      title        = "The Interactions of Hadrons",
      publisher    = "North-Holland",
      address      = "Amsterdam",
      year         = "1967",
	  ISBN		   = "unknown"
}

@book{pilkuhn79,
      author       = "PILKUHN, H.",
      title        = "Relativistic particle physics",
      publisher    = "Springer",
      address      = "New York, NY",
      series       = "Texts and monographs in physics",
      year         = "1979",
	  ISBN		   = "0-387-09348-6"
}

@Article{pdg10,
  collaboration = "Particle Data Group"
  author="NAKAMURA, K. et al.",
  title="Review of Particle Physics",
  journal="Journal of Physics G: Nuclear and Particle Physics",
  volume="37",
  number="7A",
  pages="075021",
  url="http://stacks.iop.org/0954-3899/37/i=7A/a=075021",
  year="2010",
}
