\article{Islam2003}{author="M. M. Islam\bc R. J. Luddy\bc A. V. Prokudin",title="pp elastic scattering at LHC and nucleon structure",journal="Mod. Phys. Lett. ",volume="A18",Number="11",year="2003",pages="743--752"}	

\article{Islam1987}{author="M. M. Islam\bc V. Innocente\bc T. Fearnley\bc G. Sanguietti",title="High energy $pp$ and $\bar p p$ Elastic Scattering and Nucleon Structure",journal="Europhys. Lett.",volume="4",year="1987",pages="189--196"}
    
\article{Islam2004}{author="Islam\bc M. M. and Luddy\bc R. J. and Prokudin\bc A. V.",title="pp elastic scattering at LHC in near forward direction",journal="Phys. Lett.",volume="B605",year="2005",pages="115--122"}    

\article{Islam2006}{author="M. M. Islam\bc R. J. Luddy and A. V. Prokudin",title="Near forward p p elastic scattering at LHC and nucleon structure",journal="Int. J. Mod. Phys.",volume="A21",year="2006",pages="1--42"}

\article{Bourrely}{author="Claude Bourrely\bc Jacques Soffer\bc and Tai Tsun Wu",title="Impact-picture phenomenology for pi+- p\bc K+- p and p p\bc anti-p p elastic scattering at high energies",journal="Eur. Phys. J.",volume="C28",year="2003",pages="97-105"}

\article{Petrov}{author="V. A. Petrov\bc E. Predazzi and A. Prokudin",title="Coulomb interference in high-energy p p and anti-p p scattering",journal="Eur. Phys. J.",volume="C28",year="2003",pages="525-533"}

\article{KL}{author="V. Kundrát and M. Lokajíèek",title="High-energy scattering amplitude of unpolarized and charged hadrons",journal="Z. Phys.",volume="C63",year="1994",pages="619--630"}

\article{WY}{author="G. B. West and D. R. Yennie",title="Coulomb interference in high-energy scattering",journal="Phys. Rev.",volume="172",year="1968",pages="1413-1422"}

\article{Cahn}{author="R. Cahn",title="COULOMBIC - HADRONIC INTERFERENCE IN AN EIKONAL MODEL",journal="Zeit. Phys.",volume="C15",year="1982",pages="253"}

\article{TDR}{author="TOTEM collaboration",title="Technical design report",pages="CERN-LHCC-2004-002",year="2004",journal=""}

\article{blois11}{author="TOTEM collaboration",title="TOTEM physics",year="2006",journal="XIth Blois Conference"}

\article{Block}{author="M. M. Block\bc E. M. Gregores\bc F. Halzen and G. Pancheri",title="Photon proton and photon photon scattering from nucleon nucleon forward amplitudes",journal="Phys. Rev.",volume="D60",year="1999",pages="054024"}
